@article{huang2007credit,
  title={Credit scoring with a data mining approach based on support vector machines},
  author={Huang, Cheng-Lung and Chen, Mu-Chen and Wang, Chieh-Jen},
  journal={Expert systems with applications},
  volume={33},
  number={4},
  pages={847--856},
  year={2007},
  publisher={Elsevier}
}