@inproceedings{kusner2017counterfactual,
  title={Counterfactual fairness},
  author={Kusner, Matt J and Loftus, Joshua and Russell, Chris and Silva, Ricardo},
  booktitle={Advances in Neural Information Processing Systems},
  pages={4069--4079},
  year={2017}
}

@article{huang2007credit,
  title={Credit scoring with a data mining approach based on support vector machines},
  author={Huang, Cheng-Lung and Chen, Mu-Chen and Wang, Chieh-Jen},
  journal={Expert systems with applications},
  volume={33},
  number={4},
  pages={847--856},
  year={2007},
  publisher={Elsevier}
}

@article{tsai2008using,
  title={Using neural network ensembles for bankruptcy prediction and credit scoring},
  author={Tsai, Chih-Fong and Wu, Jhen-Wei},
  journal={Expert systems with applications},
  volume={34},
  number={4},
  pages={2639--2649},
  year={2008},
  publisher={Elsevier}
}

@article{galindo2000credit,
  title={Credit risk assessment using statistical and machine learning: basic methodology and risk modeling applications},
  author={Galindo, Jorge and Tamayo, Pablo},
  journal={Computational Economics},
  volume={15},
  number={1-2},
  pages={107--143},
  year={2000},
  publisher={Springer}
}

@article{brennan2009evaluating,
  title={Evaluating the predictive validity of the COMPAS risk and needs assessment system},
  author={Brennan, Tim and Dieterich, William and Ehret, Beate},
  journal={Criminal Justice and Behavior},
  volume={36},
  number={1},
  pages={21--40},
  year={2009},
  publisher={Sage Publications Sage CA: Los Angeles, CA}
}

@article{zafar2017fairness,
  title={Fairness constraints: Mechanisms for fair classification},
  author={Zafar, Muhammad Bilal and Valera, Isabel and Gomez Rodriguez, Manuel and Gummadi, Krishna P},
  journal={arXiv preprint arXiv:1507.05259},
  year={2017}
}

@inproceedings{calmon2017optimized,
  title={Optimized Pre-Processing for Discrimination Prevention},
  author={Calmon, Flavio and Wei, Dennis and Vinzamuri, Bhanukiran and Ramamurthy, Karthikeyan Natesan and Varshney, Kush R},
  booktitle={Advances in Neural Information Processing Systems},
  pages={3995--4004},
  year={2017}
}